@INPROCEEDINGS{10498879,
  author={Ashish and Sonia and Arora, Monika and Hemraj and Rana, Anurag and Gupta, Gaurav},
  booktitle={2024 11th International Conference on Computing for Sustainable Global Development (INDIACom)}, 
  title={An Analysis and Identification of Fake News using Machine Learning Techniques}, 
  year={2024},
  volume={},
  number={},
  pages={634-638},
  keywords={Deep learning;Support vector machines;Machine learning algorithms;Reviews;Fake news;Long short term memory;Business;News Data Analysis;Machine Learning;Deep Learning;Long Short Term Memory;Artificial Intelligence},
  doi={10.23919/INDIACom61295.2024.10498879}}
