@inproceedings{inproceedings,
author = {Alsharef, Ahmad and Nassour, Hasan and Garg, Sonia},
year = {2023},
month = {04},
pages = {},
title = {Exploring the Efficiency of Text-Similarity Measures in Automated Resume Screening for Recruitment}
}