@article{
Search2-NLM372003818,
title = {Dataset for multimodal fake news detection and verification tasks},
journal = {Data in brief},
volume = {54},
pages = {110440},
author = {Bondielli, Alessandro},
editor = {Dell'Oglio, Pietro},
editor = {Lenci, Alessandro},
editor = {Marcelloni, Francesco},
editor = {Passaro, Lucia},
year = {2024},
url = {http://dx.doi.org/10.1016/j.dib.2024.110440}
}

