@INPROCEEDINGS{9987851,
  author={Simone, Sandler and Oliver, Krauss and Clara, Diesenreiter and Andreas, St√∂ckl},
  booktitle={2022 International Conference on Electrical, Computer, Communications and Mechatronics Engineering (ICECCME)}, 
  title={Detecting Fake News and Performing Quality Ranking of German Newspapers Using Machine Learning}, 
  year={2022},
  volume={},
  number={},
  pages={1-5},
  keywords={Mechatronics;Correlation;Computational modeling;Machine learning;Fake news;Fake News Detection;Machine Learning;News Quality;Natural Language Processing},
  doi={10.1109/ICECCME55909.2022.9987851}}
