






















@article{Lan31122024,
author = {Duong Hoai Lan and Tran Minh Tung and},
title = {Exploring fake news awareness and trust in the age of social media among university student TikTok users},
journal = {Cogent Social Sciences},
volume = {10},
number = {1},
pages = {2302216},
year = {2024},
publisher = {Cogent OA},
doi = {10.1080/23311886.2024.2302216},


URL = { 
    
        https://doi.org/10.1080/23311886.2024.2302216
    
    

},
eprint = { 
    
        https://doi.org/10.1080/23311886.2024.2302216
    
    

}

}


