@article{
Search2-NLM336605447,
title = {Fake news detection based on news content and social contexts a transformer-based approach},
journal = {International journal of data science and analytics},
volume = {13},
number = {4},
pages = {335},
author = {Raza, Shaina},
editor = {Ding, Chen},
year = {2022},
url = {http://dx.doi.org/10.1007/s41060-021-00302-z}
}

