@Inbook{Hartwig2021,
author="Hartwig, Katrin
and Reuter, Christian",
editor="Klimczak, Peter
and Zoglauer, Thomas",
title="Fake News technisch begegnen -- Detektions- und Behandlungsans{\"a}tze zur Unterst{\"u}tzung von NutzerInnen",
bookTitle="Wahrheit und Fake im postfaktisch-digitalen Zeitalter: Distinktionen in den Geistes- und IT-Wissenschaften",
year="2021",
publisher="Springer Fachmedien Wiesbaden",
address="Wiesbaden",
pages="133--149",
abstract="Die Bedeutung des Umgangs mit Fake News hat sowohl im politischen als auch im sozialen Kontext zugenommen: W{\"a}hrend sich bestehende Studien vor allem darauf konzentrieren, wie man gef{\"a}lschte Nachrichten erkennt und kennzeichnet, fehlen Ans{\"a}tze zur Unterst{\"u}tzung der NutzerInnen bei der eigenen Einsch{\"a}tzung weitgehend. Dieser Artikel stellt bestehende Black-Box- und White-Box-Ans{\"a}tze vor und vergleicht Vor- und Nachteile. Dabei zeigen sich White-Box-Ans{\"a}tze insbesondere als vielversprechend, um gegen Reaktanzen zu wirken, w{\"a}hrend Black-Box-Ans{\"a}tze Fake News mit deutlich gr{\"o}{\ss}erer Genauigkeit detektieren. Vorgestellt wird auch das von uns entwickelte Browser-Plugin TrustyTweet, welches die BenutzerInnen bei der Bewertung von Tweets auf Twitter unterst{\"u}tzt, indem es politisch neutrale und intuitive Warnungen anzeigt, ohne Reaktanz zu erzeugen.",
isbn="978-3-658-32957-0",
doi="10.1007/978-3-658-32957-0_7",
url="https://doi.org/10.1007/978-3-658-32957-0_7"
}

