@INPROCEEDINGS{9850560,
  author={Gupta, Varun and Mathur, Rohan Sahai and Bansal, Tushar and Goyal, Anjali},
  booktitle={2022 International Conference on Machine Learning, Big Data, Cloud and Parallel Computing (COM-IT-CON)}, 
  title={Fake News Detection using Machine Learning}, 
  year={2022},
  volume={1},
  number={},
  pages={84-89},
  keywords={Measurement;Support vector machines;Machine learning algorithms;Social networking (online);Natural language processing;Web sites;Fake news;Natural Language Processing;Random Forest;Fake News Detection;Logistic Regression;k-Nearest Neighbor;Machine Learning;SVC},
  doi={10.1109/COM-IT-CON54601.2022.9850560}}
