@article{
Search2-NLM336035527,
title = {Fake news on Social Media the Impact on Society},
journal = {Information systems frontiers : a journal of research and innovation},
pages = {1},
author = {Olan, Femi},
editor = {Jayawickrama, Uchitha},
editor = {Arakpogun, Emmanuel Ogiemwonyi},
editor = {Suklan, Jana},
editor = {Liu, Shaofeng},
year = {2022},
url = {http://dx.doi.org/10.1007/s10796-022-10242-z}
}

